<record><leader>00000cas a2200000 a 4500</leader><controlfield tag="001">11666911</controlfield><controlfield tag="008">850207d18861888ksuwr ne      0   a0eng d</controlfield><datafield ind1=" " ind2=" " tag="010"><subfield code="a">sn 85030906 </subfield></datafield><datafield ind1=" " ind2=" " tag="040"><subfield code="a">KSH</subfield><subfield code="b">eng</subfield><subfield code="c">KSH</subfield><subfield code="d">NPT</subfield><subfield code="d">OCL</subfield><subfield code="d">OCLCQ</subfield></datafield><datafield ind1=" " ind2=" " tag="042"><subfield code="a">msc</subfield></datafield><datafield ind1="0" ind2="0" tag="245"><subfield code="a">Mullinville mallet.</subfield></datafield><datafield ind1="1" ind2="3" tag="246"><subfield code="a">Mallet</subfield><subfield code="f">Apr. 9, 1886</subfield></datafield><datafield ind1=" " ind2=" " tag="260"><subfield code="a">Mullinville, Kan. :</subfield><subfield code="b">VanZandt &amp; Grove,</subfield><subfield code="c">1886-</subfield></datafield><datafield ind1=" " ind2=" " tag="300"><subfield code="a">v. ;</subfield><subfield code="c">49-55 cm.</subfield></datafield><datafield ind1=" " ind2=" " tag="310"><subfield code="a">Weekly</subfield></datafield><datafield ind1="0" ind2=" " tag="362"><subfield code="a">Vol. 1, no. 1 (Apr. 9, 1886)-</subfield></datafield><datafield ind1="1" ind2=" " tag="362"><subfield code="a">Ceased with Aug. 30, 1888 issue?</subfield></datafield><datafield ind1=" " ind2=" " tag="500"><subfield code="a">Publisher varies.</subfield></datafield><datafield ind1=" " ind2=" " tag="752"><subfield code="a">United States</subfield><subfield code="b">Kansas</subfield><subfield code="c">Kiowa</subfield><subfield code="d">Mullinville.</subfield></datafield></record>